<record><leader>00000cas a22000008a 4500</leader><controlfield tag="001">499060890</controlfield><controlfield tag="008">100115c20109999vauwr n       |    0eng  </controlfield><datafield ind1=" " ind2=" " tag="010"><subfield code="a">  2010202744</subfield></datafield><datafield ind1=" " ind2=" " tag="040"><subfield code="a">DLC</subfield><subfield code="b">eng</subfield><subfield code="c">DLC</subfield><subfield code="d">DLC</subfield><subfield code="d">OCLCQ</subfield></datafield><datafield ind1=" " ind2=" " tag="012"><subfield code="l">1</subfield></datafield><datafield ind1="0" ind2=" " tag="022"><subfield code="a">2152-9922</subfield></datafield><datafield ind1=" " ind2=" " tag="037"><subfield code="b">Martinsville Media, Inc., P.O. Box 3551, Martinsville, VA 24115</subfield><subfield code="c">29.95 (1 yr., local)</subfield><subfield code="c">$34.95 (1 yr., in state)</subfield><subfield code="c">$39.95 (1 yr., out of state)</subfield></datafield><datafield ind1=" " ind2=" " tag="042"><subfield code="a">msc</subfield></datafield><datafield ind1="1" ind2="0" tag="050"><subfield code="a">ISSN RECORD</subfield></datafield><datafield ind1="0" ind2=" " tag="130"><subfield code="a">Martinsville chronicle (Print)</subfield></datafield><datafield ind1="1" ind2="4" tag="245"><subfield code="a">The Martinsville chronicle.</subfield></datafield><datafield ind1=" " ind2=" " tag="260"><subfield code="a">Martinsville, VA :</subfield><subfield code="b">Martinsville Media</subfield></datafield><datafield ind1=" " ind2=" " tag="263"><subfield code="a">201002</subfield></datafield><datafield ind1=" " ind2=" " tag="310"><subfield code="a">Weekly</subfield></datafield><datafield ind1=" " ind2=" " tag="336"><subfield code="a">text</subfield><subfield code="b">txt</subfield><subfield code="2">rdacontent</subfield></datafield><datafield ind1=" " ind2=" " tag="337"><subfield code="a">unmediated</subfield><subfield code="b">n</subfield><subfield code="2">rdamedia</subfield></datafield><datafield ind1="0" ind2="8" tag="776"><subfield code="i">Online version:</subfield><subfield code="t">Martinsville chronicle (Online)</subfield><subfield code="x">2152-9930</subfield><subfield code="w">(DLC)  2010202745</subfield><subfield code="w">(OCoLC)499060899</subfield></datafield><datafield ind1="4" ind2="1" tag="856"><subfield code="u">http://martinsvillechronicle.com/</subfield></datafield><datafield ind1=" " ind2=" " tag="936"><subfield code="a">PREPUB: Publication expected: Feb. 2010</subfield></datafield></record>